<record><leader>00000cas a2200000 a 4500</leader><controlfield tag="001">30502042</controlfield><controlfield tag="008">940527c19uu9999nyumr ne      0   a0eng c</controlfield><datafield ind1=" " ind2=" " tag="010"><subfield code="a">sn 94005006 </subfield></datafield><datafield ind1=" " ind2=" " tag="040"><subfield code="a">NSD</subfield><subfield code="b">eng</subfield><subfield code="c">NSD</subfield><subfield code="d">NYS</subfield><subfield code="d">OCLCQ</subfield><subfield code="d">OCLCF</subfield><subfield code="d">OCLCO</subfield></datafield><datafield ind1=" " ind2=" " tag="012"><subfield code="m">0</subfield></datafield><datafield ind1=" " ind2=" " tag="019"><subfield code="a">226108964</subfield></datafield><datafield ind1="0" ind2=" " tag="022"><subfield code="a">1076-5158</subfield><subfield code="l">1076-5158</subfield><subfield code="2">1</subfield></datafield><datafield ind1="1" ind2=" " tag="029"><subfield code="a">AU@</subfield><subfield code="b">000021573988</subfield></datafield><datafield ind1=" " ind2=" " tag="037"><subfield code="b">PO Box 395, Old Bethpage, NY 11804</subfield></datafield><datafield ind1=" " ind2=" " tag="042"><subfield code="a">nsdp</subfield><subfield code="a">pcc</subfield></datafield><datafield ind1=" " ind2=" " tag="043"><subfield code="a">n-us-ny</subfield></datafield><datafield ind1="1" ind2="0" tag="082"><subfield code="a">331</subfield><subfield code="2">12</subfield></datafield><datafield ind1="0" ind2=" " tag="130"><subfield code="a">Able (Old Bethpage, N.Y.)</subfield></datafield><datafield ind1="0" ind2=" " tag="210"><subfield code="a">Able</subfield><subfield code="b">(Old Bethpage N.Y.)</subfield></datafield><datafield ind1=" " ind2="0" tag="222"><subfield code="a">Able</subfield><subfield code="b">(Old Bethpage, N.Y.)</subfield></datafield><datafield ind1="1" ind2="0" tag="245"><subfield code="a">Able.</subfield></datafield><datafield ind1="1" ind2="3" tag="246"><subfield code="a">Able newspaper</subfield></datafield><datafield ind1=" " ind2=" " tag="260"><subfield code="a">Old Bethpage, NY :</subfield><subfield code="b">Melmont Printing</subfield></datafield><datafield ind1=" " ind2=" " tag="300"><subfield code="a">v.</subfield></datafield><datafield ind1=" " ind2=" " tag="310"><subfield code="a">Monthly</subfield></datafield><datafield ind1=" " ind2=" " tag="500"><subfield code="a">"The newspaper positively for, by &amp; about the disabled."</subfield></datafield><datafield ind1=" " ind2=" " tag="588"><subfield code="a">Description based on: Vol. 2, no. 10 (Mar. 1993).</subfield></datafield><datafield ind1=" " ind2="0" tag="650"><subfield code="a">People with disabilities</subfield><subfield code="z">New York (State)</subfield><subfield code="v">Newspapers.</subfield></datafield><datafield ind1=" " ind2="0" tag="651"><subfield code="a">Old Bethpage (N.Y.)</subfield><subfield code="v">Newspapers.</subfield></datafield><datafield ind1=" " ind2="0" tag="651"><subfield code="a">Nassau County (N.Y.)</subfield><subfield code="v">Newspapers.</subfield></datafield><datafield ind1=" " ind2="7" tag="655"><subfield code="a">Newspapers.</subfield><subfield code="2">fast</subfield><subfield code="0">(OCoLC)fst01423814</subfield></datafield><datafield ind1=" " ind2="7" tag="650"><subfield code="a">People with disabilities.</subfield><subfield code="2">fast</subfield><subfield code="0">(OCoLC)fst01057245</subfield></datafield><datafield ind1=" " ind2="7" tag="651"><subfield code="a">New York (State)</subfield><subfield code="2">fast</subfield><subfield code="0">(OCoLC)fst01210280</subfield></datafield><datafield ind1=" " ind2="7" tag="651"><subfield code="a">New York (State)</subfield><subfield code="z">Nassau County.</subfield><subfield code="2">fast</subfield><subfield code="0">(OCoLC)fst01205518</subfield></datafield><datafield ind1=" " ind2="7" tag="651"><subfield code="a">New York (State)</subfield><subfield code="z">Old Bethpage.</subfield><subfield code="2">fast</subfield><subfield code="0">(OCoLC)fst01247430</subfield></datafield><datafield ind1=" " ind2=" " tag="752"><subfield code="a">United States</subfield><subfield code="b">New York</subfield><subfield code="c">Nassau</subfield><subfield code="d">Old Bethpage.</subfield></datafield><datafield ind1="4" ind2="1" tag="856"><subfield code="u">http://www.ablenews.com</subfield></datafield></record>